<record><leader>00000cas a22000007a 4500</leader><controlfield tag="001">17421806</controlfield><controlfield tag="008">880202d18881918pauwr ne      0    0eng d</controlfield><datafield ind1=" " ind2=" " tag="010"><subfield code="a">sn 88079074 </subfield></datafield><datafield ind1=" " ind2=" " tag="040"><subfield code="a">NPH</subfield><subfield code="b">eng</subfield><subfield code="c">NPH</subfield><subfield code="d">OCLCQ</subfield></datafield><datafield ind1=" " ind2=" " tag="042"><subfield code="a">msc</subfield></datafield><datafield ind1="0" ind2="0" tag="245"><subfield code="a">Stroudsburg times.</subfield></datafield><datafield ind1="3" ind2="0" tag="246"><subfield code="a">Weekly times</subfield></datafield><datafield ind1=" " ind2=" " tag="260"><subfield code="a">Stroudsburg, Pa. :</subfield><subfield code="b">Hughes &amp; Gulick,</subfield><subfield code="c">1888-1918.</subfield></datafield><datafield ind1=" " ind2=" " tag="300"><subfield code="a">33 v.</subfield></datafield><datafield ind1=" " ind2=" " tag="310"><subfield code="a">Weekly</subfield></datafield><datafield ind1="0" ind2=" " tag="362"><subfield code="a">Vol. 1, [no. 1] (July 20, 1888)-v. 33, no. 3 (June 28, 1918).</subfield></datafield><datafield ind1=" " ind2=" " tag="500"><subfield code="a">Published every Friday morning.</subfield></datafield><datafield ind1=" " ind2=" " tag="752"><subfield code="a">United States</subfield><subfield code="b">Pennsylvania</subfield><subfield code="c">Monroe</subfield><subfield code="d">Stroudsburg.</subfield></datafield><datafield ind1="0" ind2=" " tag="775"><subfield code="t">Daily times (Stroudsburg, Pa.)</subfield><subfield code="w">(DLC)sn 87078326</subfield></datafield><datafield ind1="0" ind2="7" tag="785"><subfield code="t">Monroe democrat (Stroudsburg, Pa.)</subfield><subfield code="w">(DLC)sn 83045295</subfield></datafield><datafield ind1="0" ind2="7" tag="785"><subfield code="t">Times-democrat (Stroudsburg, Pa. : Weekly)</subfield><subfield code="w">(DLC)sn 87078057</subfield></datafield></record>